@article{drineas,
 author = {Drineias, P. and Kerenidis, I. and Raghavan, P.},
 title = {Competitive Recomendation Systems},
 }
@article{baruch,
 author = {Awerbuch, B. and Patt-Shamir, B. and  Peleg,D. and Tuttle, M.},
 title = {Improved Recomendation Systems},
 }
@article{mchserry,
 author = {Achlioptas, D. and McSherry, F.},
 title = {Fast Computation on Low Rank Approximations},
 }
@article{saia,
 author = {Azar, Y. and Fiat, A. and Karlin, A. and McSherry, F. and Saia, J.},
 title = {Spectral analysis of data},
 }
@article{papadimitriou,
 author = {Papadimitriou, C.H. and Raghavan, P. and Tamaki, H. and Vempala, S.},
 title = {Latent semantic indexing : A propabilistic analysis},
 }
@article{drineas2,
 author = {Drineas, P. and Frieze, K. and Kannan, R. and Vempala, S. and Vinay, V.},
 title = {Clustering in large graphs and matrices},
 }
@book{golub,
  title={{Matrix Computations}},
  author={Golub, G. and Van Loan, C.F.},
}
@book{watkins,
  title={{Fundamentals of matrix computations}},
  author={Watkins, D.S.},
}
@book{vempala,
  title={{Spectral Algorithms}},
  author={Kannan, R. and Vempala, S.},
}



